@online{CAD_model,
    author = "Robotis OpenMANIPULATOR-X",
    title = "{Robotis e-Manual: Specification}",
    journal = "",
    volume = "",
    number = "",
    pages = "",
    year = "",
    DOI = "https://emanual.robotis.com/docs/en/platform/openmanipulator_x/specification/",
    keywords = "CAD model"
}

@article{Coordinate_frame,
    author = {Mohd Zaman, Mohd Hairi},
    year = {2020},
    month = {11},
    pages = {},
    title = {Kinematic Modeling of A Low Cost 4 DOF Robot Arm System},
    doi = {10.30534/ijeter/2020/328102020}
}